@misc{dhs2025,
  author = {{The DHS Program}},
  title = {Sustainable Development Goals},
  year = {2025},
  url = {https://dhsprogram.com/topics/sdgs/index.cfm},
  note = {Accessed August 28, 2025}
}


